@book{Strang:1996,
	author = {Strang G. and Nguyen T.},
	title = {Wavelets and Filter Banks},
	publisher = {Wellesley-Cambridge Press},
	year = 1996
}

@book{Keinert:2004,
	author = {Keinert F.},
	title = {Wavelets and Multiwavelets},
	series = {Studies in advanced mathematics},
	publisher = {Chapman and Hall/CRC},
	year = 2004
}

@book{Jackson:1998,
	author = {Jackson J. D.},
	title = {Classical Electrodynamics},
	publisher = {Wiley},
	year = 1998
}

@article{Daubechies:1988,
        author = {Daubechies I.},
        title = {Orthonormal bases of compactly supported wavelets},
        journal = {Communications on Pure and Applied Mathematics},
        volume = {41},
        number = {7},
	publisher = {Wiley Subscription Services, Inc., A Wiley Company},
	pages = {909--996},
	year = {1988},
}

@article{Mallat:1989,
	title = {Multiresolution Approximations and Wavelet Orthonormal Bases of L2(R)},
	author = {Mallat S. G.},
	journal = {Transactions of the American Mathematical Society},
	volume = {315},
	number = {1},
	pages = {69-87},
	year = {1989},
	publisher = {American Mathematical Society},
}

@article{Tymczak:2002,
	author = {Tymczak C. J. and Niklasson A. M. N. and R\"{o}der H.},
	title = {Separable and Nonseparable Multiwavelets in Multiple Dimensions},
	journal = {J. Comput. Phys.},
	volume = {175},
	number = {2},
	year = {2002},
	pages = {363--397},
	publisher = {Academic Press Professional, Inc.},
} 

@inproceedings{Beylkin:1992,
	author = {Beylkin G.},
	title = {On The Fast Algorithm For Multiplication Of Functions In The Wavelet Bases},
	booktitle = {Proceedings of the International Conference, Wavelets and Applications},
	year = {1992},
	pages = {259--273},
	publisher = {Editions Frontiers}
}
@article{Singer:1960,
	title = {The Use of Gaussian (Exponential Quadratic) Wave Functions in Molecular Problems. I. General Formulae for the Evaluation of Integrals},
	author = {Singer K.},
	journal = {Proc. R. Soc. A},
	volume = {258},
	number = {1294},
	pages = {pp. 412-420},
	year = {1960},
	publisher = {The Royal Society},
}

@article{Benighaus:2008p359,
	author = {Benighaus T. and Thiel W.}, 
	journal = {J. Chem. Theory Comput.},
	title = {Efficiency and Accuracy of the Generalized Solvent Boundary Potential for Hybrid QM/MM Simulations: Implementation for Semiempirical Hamiltonians},
	number = {10},
	pages = {1600--1609},
	volume = {4},
	year = {2008},
	month = {Oct}
}

@article{Tomasi:2005p972,
	author = {Tomasi J. and Mennucci B. and Cammi R.}, 
	journal = {Chem. Rev.},
	title = {Quantum mechanical continuum solvation models},
	number = {8},
	pages = {2999--3093},
	volume = {105},
	year = {2005},
	month = {Jan}
}

@article{Zhou:2005p232,
	author = {Zhou H. X.}, 
	journal = {Biophysical Journal},
	title = {Boundary element solution of macromolecular electrostatics: interaction energy between two proteins},
	number = {2},
	pages = {955--963},
	volume = {65},
	year = {2005},
	month = {Aug}
}

@article{Liang:2005p418,
	author = {Liang J. and Subramaniam S.}, 
	journal = {Biophysical Journal},
	title = {Computation of molecular electrostatics with boundary element methods},
	number = {4},
	pages = {1830--1841},
	volume = {73},
	year = {2005},
	month = {Jul}
}

@article{Tomasi:1994p5517,
	author = {Tomasi J. and Persico M.}, 
	journal = {Chem. Rev.},
	title = {Molecular interactions in solution: An overview of methods based on continuous distributions of the solvent},
	number = {7},
	pages = {2027--2094},
	volume = {94},
	year = {1994}
}

@article{Rokhlin1985187,
	author = {Rokhlin V.},
	title = {Rapid solution of integral equations of classical potential theory},
	journal = {J. Comput. Physics},
	number = {2},
	pages = {187--207},
	volume = {60},
	year = {1985}
}

@article{Greengard1987325,
	author = {Greengard L. and Rokhlin V.},
	title = {A fast algorithm for particle simulations},
	journal = {J. Comput. Physics},
	number = {2},
	pages = {325--348},
	volume = {73},
	year = {1987}
}

@article{White:6593,
	author = {White C. A. and Head-Gordon M.},
	title = {Derivation and efficient implementation of the fast multipole method},
	journal = {J. Chem. Phys.},
	number = {8},
	pages = {6593--6605},
	volume = {101},
	year = {1994}
}

@article{Choi:2001p916,
	author = {Choi C. and Ruedenberg K. and Gordon M. S.}, 
	title = {New parallel optimal-parameter fast multipole method (OPFMM)},
	journal = {J. Comput. Chemistry},
	number = {13},
	pages = {1484--1501},
	volume = {22},
	year = {2001}
}

@article{Losilla:2010p6207,
	author = {Losilla S. A. and D Sundholm D. and Jus{\'e}lius J.}, 
	journal = {J. Chem. Phys.},
	title = {The direct approach to gravitation and electrostatics method for periodic systems},
	number = {2},
	pages = {024102},
	volume = {132},
	year = {2010},
	month = {Jan}
}

@article{Juselius:2007p6217,
	author = {Jus{\'e}lius J. and Sundholm D.}, 
	journal = {J. Chem. Phys.},
	title = {Parallel implementation of a direct method for calculating electrostatic potentials},
	number = {9},
	pages = {094101},
	volume = {126},
	year = {2007},
	month = {Jan}
}

@article{Berger:2005p6236,
	author = {Berger R. J. F. and Sundholm D.}, 
	title = {A non-iterative numerical solver of Poisson and Helmholtz equations using high-order finite-element functions},
	journal = {Advances in Quantum Chemistry},
	pages = {235--247},
	volume = {50},
	year = {2005},
	month = {Jan}
}

@article{Beck:2000p215,
	author = {Beck T. L.}, 
	journal = {Reviews of Modern Physics},
	title = {Real-space mesh techniques in density-functional theory},
	number = {4},
	pages = {1041--1080},
	volume = {72},
	year = {2000}
}

@article{Bylaska:2009p6204,
	author = {Bylaska E. J. and Holst M. and Weare J. H.}, 
	journal = {J. Chem. Theory Comput.},
	title = {Adaptive finite element method for solving the exact Kohn-Sham equation of Density Functional Theory},
	number = {4},
	pages = {937--948},
	volume = {5},
	year = {2009},
	month = {Jan}
}

@article{Chen:2007p467,
	author = {Chen L. and Holst M. and Xu J.}, 
	journal = {Siam J. Numer. Anal},
	title = {The finite element approximation of the nonlinear Poisson-Boltzmann equation},
	number = {6},
	pages = {2298--2320},
	volume = {45},
	year = {2007}
}

@article{Holst:2000p4,
	author = {Holst M. and Baker N. and Wang F.}, 
	journal = {J. Comput. Chemistry},
	title = {Adaptive multilevel finite element solution of the Poisson-Boltzmann equation I. Algorithms and examples},
	number = {15},
	pages = {1319--1342},
	volume = {21},
	year = {2000}
}

@article{Genovese:2006p250,
	author = {Genovese L. and Deutsch T. and Neelov A. and Goedecker S. and Beylkin G.}, 
	journal = {J. Chem. Phys.},
	title = {Efficient solution of Poisson's equation with free boundary conditions},
	pages = {074105},
	volume = {125},
	year = {2006}
}

@article{Alpert:2002p149,
	author = {Alpert B. K. and Beylkin G. and Gines D. and Vozovoi L.}, 
	journal = {J. Comput. Physics},
	title = {Adaptive solution of partial differential equations in multiwavelet bases},
	number = {1},
	pages = {149--190},
	volume = {182},
	year = {2002}
}

@article{Beylkin:2008p37,
	author = {Beylkin G. and Cheruvu V. and P{\'e}rez F.}, 
	journal = {Appl. and Comput. Harmonic Analysis},
	title = {Fast adaptive algorithms in the non-standard form for multidimensional problems},
	number = {3},
	pages = {354--377},
	volume = {24},
	year = {2008}
}

@article{Beylkin:1991,
	author = {Beylkin G. and Coifman R. and Rokhlin V.},
	journal = {Comm. Pure Appl. Math.},
	title = {Fast wavelet transforms and numerical algorithms I},
	number = {2},
	pages = {141--183},
	publisher = {Wiley Subscription Services, Inc., A Wiley Company},
	volume = {44},
	year = {1991}
}

@article{Gines:1998p474,
	author = {Gines D. and Beylkin G. and Dunn J.}, 
	journal = {Appl. and Comput. Harmonic Analysis},
	title = {LU Factorization of Non-standard Forms and Direct Multiresolution Solvers* 1},
	number = {2},
	pages = {156--201},
	volume = {5},
	year = {1998}
}

@article{Alpert:1993p5460,
	author = {Alpert B. K.}, 
	journal = {Siam J. Math. Anal.},
	title = {A class of bases in L2 for the sparse representation of integral operators},
	pages = {246},
	volume = {24},
	year = {1993}
}

@MISC{Donoho:1992,
	author = {Donoho D. L.},
        title = { Interpolating Wavelet Transform },
	year = {1992}
}

@article{Beylkin:2005p346,
	author = {Beylkin G. and Monz{\'o}n L.}, 
	journal = {Appl. and Comput. Harmonic Analysis},
	title = {On approximation of functions by exponential sums},
	number = {1},
	pages = {17--48},
	volume = {19},
	year = {2005}
}

@article{Fann:2004,
	author = {Fann G. and Beylkin G. and Harrison R. J. and Jordan K. E.},
	title = {Singular Operators in Multiwavelet Bases},
	journal = {IBM J. Res. Dev.},
	volume = {48},
	number = {2},
	year = {2004},
	pages = {161--171},
	publisher = {IBM Corp.},
} 

@inproceedings{Harrison:2003,
	author = {Harrison R.J. and Fann G.I. and Yanai T. and Beylkin G.},
	booktitle = {Lecture Notes in Computer Science},
	title = {Multiresolution Quantum Chemistry in Multiwavelet Bases},
	year = {2003},
	volume = {2660},
	publisher = {Springer, Heidelberg},
	pages =	{103--110}
}

@article{Frediani:2013p1143,
	author = {Frediani L. and Fossgaard E. and Fl\aa and T. Ruud K.},
	title = {Fully adaptive algorithms for multivariate integral equations using the non-standard form and multiwavelets with applications to the Poisson and bound-state Helmholtz kernels in three dimensions},
	journal = {Molecular Physics},
	volume = {111},
	number = {9-11},
	pages = {1143-1160},
	year = {2013}
}

@article{Beylkin:2005p45,
	author = {Beylkin G. and Mohlenkamp M. J.}, 
	journal = {SIAM Journal on Scientific Computing},
	title = {Algorithms for numerical analysis in high dimensions},
	number = {6},
	pages = {2133--2159},
	volume = {26},
	year = {2005}
}

@article{Beylkin:2002p429,
	author = {Beylkin G. and Mohlenkamp M. J.}, 
	journal = {Proceedings of the National Academy of Sciences},
	title = {Numerical operator calculus in higher dimensions},
	number = {16},
	pages = {10246},
	volume = {99},
	year = {2002}
}

@article{Bischoff:2011p6202,
	author = {Bischoff F. A. and Valeev E. F.}, 
	journal = {J. Chem. Phys.},
	title = {Low-order tensor approximations for electronic wave functions: Hartree--Fock method with guaranteed precision},
	pages = {104104},
	volume = {134},
	year = {2011}
}

@article{Kurashige:2007p956,
	author = {Kurashige Y. and Nakajima T. and Hirao K.}, 
	journal = {J. Chem. Phys.},
	title = {Gaussian and finite-element Coulomb method for the fast evaluation of Coulomb integrals},
	pages = {144106},
	volume = {126},
	year = {2007}
}

@article{Watson:2008p41,
	author = {Watson M. A. and Kurashige Y. and Nakajima T. and Hirao K.}, 
	journal = {J. Chem. Phys.},
	title = {Linear-scaling multipole-accelerated Gaussian and finite-element Coulomb method},
	pages = {054105},
	volume = {128},
	year = {2008}
}

@article{Losilla:214104,
	author = {Losilla S. A. and Sundholm D.},
	title = {A divide and conquer real-space approach for all-electron molecular electrostatic potentials and interaction energies},
	journal = {J. Chem. Phys.},
	pages = {214104},
	volume = {136},
	year = {2012}
}

@book{Griebel:2007,
	author = {Griebel M. and Zumbusch G. and Knapek S.},
	title = {Tree algorithms for long-range potentials},
	booktitle = {Numerical Simulation in Molecular Dynamics},
	series = {Texts in Computational Science and Engineering},
	publisher = {Springer Berlin Heidelberg},
	pages = {313--389},
	volume = {5},
	year = {2007}
}

@article{PhysRevA.38.3098,
	author = {Becke A. D.},
	title = {Density-functional exchange-energy approximation with correct asymptotic behavior},
	journal = {Phys. Rev. A},
	volume = {38},
	pages = {3098--3100},
	year = {1988},
	month = {Sep}
}

@article{PhysRevB.37.785,
	author = {Lee C. and Yang W. and Parr R. G.},
	title = {Development of the Colle-Salvetti correlation-energy formula into a functional of the electron density},
	journal = {Phys. Rev. B},
	volume = {37},
	pages = {785--789},
	year = {1988},
	month = {Jan}
}

@article{Johnson:5612,
	author = {Johnson B. G. and Gill P. M. W. and Pople J. A.},
	title = {The performance of a family of density functional methods},
	journal = {J. Chem. Phys.},
	number = {7},
	pages = {5612-5626},
	volume = {98},
	year = {1993}
}

@article{Dunning:1970,
	author = {Dunning Jr. T. H.},
	title = {Gaussian basis functions for use in molecular calculations. I. Contraction of (9s5p) atomic basis sets for the first-row atoms},
	journal = {J. Chem. Phys.},
	number = {7},
	pages = {2823-2833},
	volume = {53},
	year = {1970}
}

@article{Dunning:1977,
	author = {Dunning Jr. T. H.},
	title = {Gaussian basis sets for the atoms gallium through krypton},
	journal = {J. Chem. Phys.},
	number = {3},
	pages = {1382-1383},
	volume = {66},
	year = {1977}
}

@article{LSDalton:2011,
	author = {},
	title = {LSDalton, a linear scaling molecular electronic structure program, Release Dalton 2011, see http://daltonprogram.org/},
}

@article{Watson:2008p239,
	author = {Watson M. A. and Hirao K.}, 
	journal = {J. Chem. Phys.},
	title = {A linear-scaling spectral-element method for computing electrostatic potentials},
	number = {18},
	pages = {184107},
	volume = {129},
	year = {2008},
	month = {Jan}
}

@article{Levenberg:1944,
	author = {Levenberg K.},
	title = {A method for the solution of certain nonlinear problems in least squares},
	journal = {Q. Appl. Math},
	number = {164},
	volume = {2},
	year = {1944}
}

@article{Marquardt:1963,
	author = {Marquardt D. W.},
	title = {An algorithm for least squares estimation of nonlinear parameters},
	journal = {J. Soc. Ind. Appl. Math},
	number = {431},
	volume = {11},
	year = {1963}
}

@article{Watson:2004,
	author = {Watson M. A. and Sałek P. and Macak P. and Helgaker T.},
	title = {Linear-scaling formation of Kohn-Sham Hamiltonian: Application to the calculation of excitation energies and polarizabilities of large molecular systems},
	journal = {J. Chem. Phys.},
	year = {2004},
	volume = {121},
	number = {7}, 
}

@article{Coriani:2007,
	author = {Coriani S. and Høst S. and Jansík B. and Thøgersen L. and Olsen J. and Jørgensen P. and Reine S. and Pawłowski F. and Helgaker T. and Sałek P.},
	title = {Linear-scaling implementation of molecular response theory in self-consistent field electronic-structure theory},
	journal = {J. Chem. Phys.},
	year = {2007},
	volume = {126},
	number = {15}, 
}

@article{Salek:2007,
	author = {Sałek P. and Høst S. and Thøgersen L. and Jørgensen P. and Manninen P. and Olsen J. and Jansík B. and Reine S. and Pawłowski F. and Tellgren E. and Helgaker T. and Coriani S.},
	title = {Linear-scaling implementation of molecular electronic self-consistent field theory},
	journal = {J. Chem. Phys.},
	year = {2007},
	volume = {126},
	number = {11}, 
}

@article{Goedecker:2003, 
	author={Goedecker S. and Scuserza G. E.}, 
	title={Linear scaling electronic structure methods in chemistry and physics}, 
	journal={Comp. Sci. En.}, 
	year={2003}, 
	volume={5}, 
	number={4}, 
	pages={14-21}, 
}

@article{Goedecker:1999,
	title = {Linear scaling electronic structure methods},
	author = {Goedecker S.},
	journal = {Rev. Mod. Phys.},
	volume = {71},
	pages = {1085--1123},
	year = {1999},
}

@article{Hohenberg-Kohn:1964,
	title = {Inhomogeneous Electron Gas},
	author = {Hohenberg P. and Kohn W.},
	journal = {Phys. Rev.},
	volume = {136},
	pages = {B864--B871},
	year = {1964},
}

@article{Kohn-Sham:1965,
	author = {Kohn W. and Sham L. J.},
	title = {Self-Consistent Equations Including Exchange and Correlation Effects},
	journal = {Phys. Rev.},
	volume = {140},
	pages = {A1133--A1138},
	year = {1965},
}

@article{Thomas:1927,
	author = {Thomas L.H.},
	title = {The calculation of atomic fields},
	journal = {Proc. Camb. Phil. Soc.},
	year = 1927,
	volume = 23,
	pages = {542},
}

@article{Fermi:1927,
	author = {Fermi E.},
	title = {Un Metodo Statistico per la Determinazione di alcune Prioprietà dell'Atomo},
	journal = {Rend. Accad. Naz. Lincei},
	year = 1927,
	volume = 6,
	pages = {602-607},
}

@article{Dirac:1929,
	author = {Dirac P.A.M.},
	title = {Quantum Mechanics of Many-Electron Systems},
	journal = {R. Soc. London Proc. A},
	year = 1929,
	month = apr,
	volume = 123,
	pages = {714-733},
}

@article{Teller:1962,
	author = {Teller E.},
	title = {On the Stability of Molecules in the Thomas-Fermi Theory},
	journal = {Rev. Mod. Phys.},
	volume = {34},
	pages = {627--631},
	year = {1962},
}

@article{vonWeizacker:1935,
	author={von Weizsäcker C.F.},
	title={Zur Theorie der Kernmassen},
	year={1935},
	journal={Z. für Physik},
	volume={96},
	number={7-8},
	pages={431-458},
}

@article{Borgoo:2013,
	author = {Borgoo A. and Tozer D. J.},
	title = {Density Scaling of Noninteracting Kinetic Energy Functionals},
	journal = {J. Chem. Theory and Comp.},
	volume = {9},
	number = {5},
	pages = {2250-2255},
	year = {2013},
}

@article{Wang:1992,
	title = {Kinetic-energy functional of the electron density},
	author = {Wang L. W. and Teter M. P.},
	journal = {Phys. Rev. B},
	volume = {45},
	pages = {13196--13220},
	year = {1992},
}

@article{Hung:2009,
	author = {Hung L. and Carter E. A.},
	title = {Accurate simulations of metals at the mesoscale: Explicit treatment of 1 million atoms with quantum mechanics},
	journal = {Chem. Phys. Lett.},
	volume = {475},
	year = {2009},
	pages = {163--170},
}

@article{Xia:2012,
	author = {Xia J. and Huang C. and Shin I. and Carter E. A.},
	title = {Can orbital-free density functional theory simulate molecules?},
	journal = {The Journal of Chemical Physics},
	year = {2012},
	volume = {136},
	number = {8}, 
}

@article{Huang:2010,
	title = {Nonlocal orbital-free kinetic energy density functional for semiconductors},
	author = {Huang C. and Carter E. A.},
	journal = {Phys. Rev. B},
	volume = {81},
	pages = {045206},
	year = {2010},
}

@article{Gavini:2006,
	author = {Gavini V. and Knap J. and Bhattacharya K. and Ortiz M.},
	title = {Non-periodic finite-element formulation of orbital-free density functional theory},
	journal = {J. Mech. Phys. Sol.},
	volume = {55},
	number = {4},
	pages = {669 - 696},
	year = {2007},
}

@article{Cervera:2006,
	title={An efficient real space method for orbital-free density-functional theory},
	author={Garcia-Cervera C. J.},
	journal={Commun. Comput. Phys},
	volume={2},
	pages={334--357},
	year={2007}
}

@article{Levy:1984,
	title = {Exact differential equation for the density and ionization energy of a many-particle system},
	author = {Levy M. and Perdew J. P. and Sahni V.},
	journal = {Phys. Rev. A},
	volume = {30},
	pages = {2745--2748},
	year = {1984},
}

@article{Chan:2000,
	author = {Chan G. K. L. and Cohen A. J. and Handy N. C.},
	title = {Thomas–Fermi–Dirac–von Weizsäcker models in finite systems},
	journal = {J. Chem. Phys.},
	year = {2001},
	volume = {114},
	number = {2}, 
	pages = {631-638},
}

@article{Karasiev:2009,
	author={Karasiev V. V. and Jones R. S. and Trickey S. B. and Harris F. E.},
	title={Recent advances in developing orbital-free kinetic energy functionals},
	journal={New Dev. Q. Chem.},
	pages={25--54},
	year={2009},
}

@article{Karasiev:2012,
	title={Issues and challenges in orbital-free density functional calculations},
	author={Karasiev V. V. and Trickey S. B.},
	journal={Comp. Phys. Comm.},
	year={2012},
}

@article{Jiang:2004,
	author = {Jiang H. and Yang W.},
	title = {Conjugate-gradient optimization method for orbital-free density functional calculations},
	journal = {J. Chem. Phys.},
	year = {2004},
	volume = {121},
	number = {5}, 
	pages = {2030-2036},
}

@article{Clementi:1974,
	author = {Clementi E. and Roetti C.},
	title = {Roothaan-Hartree-Fock atomic wavefunctions: Basis functions and their coefficients for ground and certain excited states of neutral and ionized atoms},
	journal = {At. Data Nuc. Data Tables},
	volume = {14},
	number = {3–4},
	pages = {177 - 478},
	year = {1974},
}

@article{Harrison:2004,
	author={Harrison R. J. and Fann G. I and Yanai T. and Gan Z. and Beylkin G.},
	title={Multiresolution quantum chemistry: Basic theory and initial applications},
	journal={The Journal of chemical physics},
	volume={121},
	pages={11587},
	year={2004}
} 
